<?xml version="1.0" encoding="UTF-8"?><collection xmlns="http://www.loc.gov/MARC21/slim"><record><leader>00573nam--2200169-i-4500</leader><controlfield tag="001">000042019</controlfield><controlfield tag="002">20161230</controlfield><controlfield tag="005">20161230201043</controlfield><controlfield tag="008">060222s1000------------r-----000-0-eng-d</controlfield><datafield ind1=" " ind2=" " tag="040"><subfield code="a">IFIN-HH</subfield></datafield><datafield ind1=" " ind2=" " tag="080"><subfield code="a">621.454.8(073)</subfield></datafield><datafield ind1="1" ind2=" " tag="100"><subfield code="a">Smyth,H.D</subfield></datafield><datafield ind1="1" ind2="0" tag="245"><subfield code="a">Atomic energy a general account of the development of methods of uning atomic energy for military purpose under the auspices of the united states government 1940-1945</subfield><subfield code="c">H.d. smyth</subfield></datafield><datafield ind1=" " ind2=" " tag="260"><subfield code="a">London</subfield><subfield code="b">His Majesty`S Stationery Office</subfield><subfield code="c">1945</subfield></datafield><datafield ind1=" " ind2=" " tag="300"><subfield code="a">143P</subfield></datafield><datafield ind1=" " ind2=" " tag="852"><subfield code="a">44619</subfield><subfield code="c">H.H</subfield></datafield><datafield ind1=" " ind2=" " tag="CAT"><subfield code="a">Sys</subfield><subfield code="c">20130416</subfield><subfield code="h">130641</subfield></datafield></record></collection>